    @TECHREPORT{selfref,
        author = {Sebastian Weidner and Jonas Hermann and Nils Bayerl and Dominik Schwagerl and Timon Spichtinger and Christoph P. Neumann},
        title  = {\cstechrepTitleBib},
        institution = {\cstechrepInstitution, \cstechrepDepartment},
        series = {\cstechrepSeries},
        number = {\cstechrepNumber},
        year   = {2024},
        month  = {5},
        langid  = {ngerman},
    }
